<record><leader>00000cas a2200000Ma 4500</leader><controlfield tag="001">192102198</controlfield><controlfield tag="008">840213d18741892nbuwr ne      0    0eng  </controlfield><datafield ind1=" " ind2=" " tag="010"><subfield code="a">sn 84020144 </subfield></datafield><datafield ind1=" " ind2=" " tag="040"><subfield code="a">DLC</subfield><subfield code="b">eng</subfield><subfield code="c">AQM</subfield><subfield code="d">OCLCQ</subfield></datafield><datafield ind1=" " ind2=" " tag="043"><subfield code="a">n-us-nb</subfield></datafield><datafield ind1="0" ind2="0" tag="245"><subfield code="a">Nemaha County Granger.</subfield></datafield><datafield ind1=" " ind2=" " tag="260"><subfield code="a">Brownville, Neb. :</subfield><subfield code="b">George B. Moore</subfield></datafield><datafield ind1=" " ind2=" " tag="300"><subfield code="a">volumes :</subfield><subfield code="b">illustrations (chiefly advertisements) ;</subfield><subfield code="c">65 cm</subfield></datafield><datafield ind1=" " ind2=" " tag="310"><subfield code="a">Weekly</subfield></datafield><datafield ind1=" " ind2=" " tag="336"><subfield code="a">text</subfield><subfield code="b">txt</subfield><subfield code="2">rdacontent</subfield></datafield><datafield ind1=" " ind2=" " tag="337"><subfield code="a">unmediated</subfield><subfield code="b">n</subfield><subfield code="2">rdamedia</subfield></datafield><datafield ind1=" " ind2=" " tag="338"><subfield code="a">volume</subfield><subfield code="b">nc</subfield><subfield code="2">rdacarrier</subfield></datafield><datafield ind1="1" ind2=" " tag="362"><subfield code="a">Began with Jan. 23, 1874 issue; ceased with Jan. 8, 1892 issue.</subfield><subfield code="z">Cf. NIM.</subfield></datafield><datafield ind1=" " ind2=" " tag="500"><subfield code="a">Editors: R.O. Whitehead, 1874; G.B. Moore, 1874-&lt;1882&gt;.</subfield></datafield><datafield ind1=" " ind2=" " tag="500"><subfield code="a">Publishers: A.S. Holladay &amp; B.F. Sanders, 1874; George B. Moore, 1874-&lt;1882&gt;.</subfield></datafield><datafield ind1=" " ind2=" " tag="500"><subfield code="a">Published at Auburn, Neb., 1884-1892. Cf. NIM.</subfield></datafield><datafield ind1=" " ind2=" " tag="588"><subfield code="a">Description based on: Vol. 3, no. 35 (Sept. 15, 1876).</subfield></datafield><datafield ind1=" " ind2="7" tag="655"><subfield code="a">Agricultural newspapers.</subfield><subfield code="2">ngl</subfield></datafield><datafield ind1=" " ind2="7" tag="655"><subfield code="a">Friendly society newspapers.</subfield><subfield code="2">ngl</subfield></datafield><datafield ind1="1" ind2=" " tag="700"><subfield code="a">Moore, George B.,</subfield><subfield code="d">1839-</subfield></datafield><datafield ind1="1" ind2=" " tag="700"><subfield code="a">Whitehead, R. O.</subfield></datafield><datafield ind1=" " ind2=" " tag="752"><subfield code="a">United States</subfield><subfield code="b">Nebraska</subfield><subfield code="c">Nemaha</subfield><subfield code="d">Auburn.</subfield></datafield><datafield ind1=" " ind2=" " tag="752"><subfield code="a">United States</subfield><subfield code="b">Nebraska</subfield><subfield code="c">Nemaha</subfield><subfield code="d">Brownville.</subfield></datafield><datafield ind1="0" ind2="0" tag="780"><subfield code="t">Brownville Democrat</subfield><subfield code="w">(DLC)sn 85033147</subfield></datafield><datafield ind1="0" ind2="5" tag="780"><subfield code="t">Brownville Republican</subfield><subfield code="g">1883</subfield></datafield><datafield ind1="0" ind2="0" tag="785"><subfield code="t">Granger (Auburn, Neb.)</subfield></datafield></record>